<record><leader>00000cas a22000007a 4500</leader><controlfield tag="001">11332347</controlfield><controlfield tag="008">841031d18511852iluwr ne      0    0eng d</controlfield><datafield ind1=" " ind2=" " tag="010"><subfield code="a">sn 84038533 </subfield></datafield><datafield ind1=" " ind2=" " tag="040"><subfield code="a">NPX</subfield><subfield code="b">eng</subfield><subfield code="c">NPX</subfield><subfield code="d">OCLCQ</subfield></datafield><datafield ind1=" " ind2=" " tag="042"><subfield code="a">msc</subfield></datafield><datafield ind1="0" ind2="0" tag="245"><subfield code="a">Lasalle standard.</subfield></datafield><datafield ind1="1" ind2="3" tag="246"><subfield code="a">La Salle standard</subfield></datafield><datafield ind1=" " ind2=" " tag="260"><subfield code="a">La Salle, Ill. :</subfield><subfield code="b">Henry W. Underhill</subfield></datafield><datafield ind1=" " ind2=" " tag="300"><subfield code="a">v.</subfield></datafield><datafield ind1=" " ind2=" " tag="310"><subfield code="a">Weekly</subfield></datafield><datafield ind1="1" ind2=" " tag="362"><subfield code="a">Began in 1851; ceased in 1852.</subfield><subfield code="z">Cf. Gregory, W. Amer. newspapers.</subfield></datafield><datafield ind1=" " ind2=" " tag="500"><subfield code="a">Editors: C.C. Bonney, W.H. Powell.</subfield></datafield><datafield ind1=" " ind2=" " tag="500"><subfield code="a">"Whig," &lt;1852&gt;.</subfield></datafield><datafield ind1=" " ind2=" " tag="588"><subfield code="a">Description based on: New ser. v. 1, no. 38 (May 8, 1852).</subfield></datafield><datafield ind1=" " ind2=" " tag="752"><subfield code="a">United States</subfield><subfield code="b">Illinois</subfield><subfield code="c">La Salle</subfield><subfield code="d">La Salle.</subfield></datafield><datafield ind1="1" ind2=" " tag="029"><subfield code="a">AU@</subfield><subfield code="b">000025822149</subfield></datafield></record>